<record xmlns:xsi="http://www.w3.org/2001/XMLSchema-instance" xmlns="http://www.loc.gov/MARC21/slim" xsi:schemaLocation="http://www.loc.gov/MARC21/slim http://www.loc.gov/standards/marcxml/schema/MARC21slim.xsd">

  <leader>00618nam a2200181Ia 4500</leader>
  <controlfield tag="008">150715b1996    us ||||| |||| 00| | eng d</controlfield>
  <datafield tag="020" ind1=" " ind2=" ">
    <subfield code="a">0787901644</subfield>
  </datafield>
  <datafield ind2=" " ind1=" " tag="090">
    <subfield code="a">371.201.2  </subfield>
    <subfield code="b">A314m</subfield>
  </datafield>
  <datafield ind2=" " ind1="1" tag="100">
    <subfield code="a">Ackerman, Richard</subfield>
    <subfield code="9">299</subfield>
  </datafield>
  <datafield tag="245" ind1="1" ind2="0">
    <subfield code="a">Making sense as a school leader : Persisting questions, creative opportunities / </subfield>
    <subfield code="c">Richard Ackerman, Gordon A. Donaldson, Rebecca Van der Bogert</subfield>
  </datafield>
  <datafield tag="260" ind1=" " ind2=" ">
    <subfield code="a">San Francisco : </subfield>
    <subfield code="b">Jossey Bass, </subfield>
    <subfield code="c">1996</subfield>
  </datafield>
  <datafield ind2=" " ind1=" " tag="300">
    <subfield code="a">186 páginas</subfield>
  </datafield>
  <datafield ind2="4" tag="650" ind1="1">
    <subfield code="a">ESCUELAS </subfield>
    <subfield code="9">300</subfield>
  </datafield>
  <datafield ind2="4" ind1="1" tag="650">
    <subfield code="a">LIDERAZGO</subfield>
    <subfield code="9">301</subfield>
  </datafield>
  <datafield ind2=" " tag="700" ind1="1">
    <subfield code="a">Van der Bogert, Rebeca</subfield>
    <subfield code="9">302</subfield>
  </datafield>
  <datafield ind2=" " ind1="1" tag="700">
    <subfield code="a">Donaldson, Gordon A. </subfield>
    <subfield code="9">303</subfield>
  </datafield>
  <datafield tag="942" ind1=" " ind2=" ">
    <subfield code="2">z</subfield>
    <subfield code="c">01</subfield>
  </datafield>
  <datafield ind2=" " ind1=" " tag="999">
    <subfield code="c">29</subfield>
    <subfield code="d">29</subfield>
  </datafield>
</record>